@book{knuth1984texbook,
  title={The TeXbook},
  author={Knuth, Donald E},
  year={1984},
  publisher={Addison-Wesley}
}

@article{doe2020sample,
  title={Sample Article},
  author={Doe, John},
  journal={Journal of Examples},
  year={2020},
  volume={1},
  pages={1-10}
}

@misc{Gomilla_RBasic_EstructurasDatosR,
  author        = {Juan Jose Gomilla},
  title         = {Curso completo des Estad√≠stica descriptiva - RStudio y Python},
  year          = {2024},
  publisher={Frogames},
  howpublished = "\url{https://cursos.frogamesformacion.com/courses/take/estadistica-descriptiva/lessons/33618845-vectores-y-tipos-de-datos-en-rl}",
  note = {Accessed 240803}
}